@inproceedings{salaheldeen2013carbon,
  title={Carbon dating the web: estimating the age of web resources},
  author={SalahEldeen, Hany M and Nelson, Michael L},
  booktitle={Proceedings of the 22nd International Conference on World Wide Web},
  pages={1075--1082},
  year={2013},
  organization={ACM}
}

@techreport{breiman1997arcing,
  title={Arcing the edge},
  author={Breiman, Leo},
  year={1997},
  institution={Technical Report 486, Statistics Department, University of California at Berkeley}
}

@article{friedman2001greedy,
  title={Greedy function approximation: a gradient boosting machine},
  author={Friedman, Jerome H},
  journal={Annals of statistics},
  pages={1189--1232},
  year={2001},
  publisher={JSTOR}
}

@inproceedings{chen2016xgboost,
  title={Xgboost: A scalable tree boosting system},
  author={Chen, Tianqi and Guestrin, Carlos},
  booktitle={Proceedings of the 22nd acm sigkdd international conference on knowledge discovery and data mining},
  pages={785--794},
  year={2016},
  organization={ACM}
}

@inproceedings{broder2002taxonomy,
  title={A taxonomy of web search},
  author={Broder, Andrei},
  booktitle={ACM Sigir forum},
  volume={36},
  number={2},
  pages={3--10},
  year={2002},
  organization={ACM}
}

@inproceedings{styskin2011recency,
  title={Recency ranking by diversification of result set},
  author={Styskin, Andrey and Romanenko, Fedor and Vorobyev, Fedor and Serdyukov, Pavel},
  booktitle={Proceedings of the 20th ACM international conference on Information and knowledge management},
  pages={1949--1952},
  year={2011},
  organization={ACM}
}

@article{jones2007temporal,
  title={Temporal profiles of queries},
  author={Jones, Rosie and Diaz, Fernando},
  journal={ACM Transactions on Information Systems (TOIS)},
  volume={25},
  number={3},
  pages={14},
  year={2007},
  publisher={ACM}
}

@inproceedings{kneser1995improved,
  title={Improved backing-off for m-gram language modeling},
  author={Kneser, Reinhard and Ney, Hermann},
  booktitle={icassp},
  volume={1},
  pages={181e4},
  year={1995}
}

@inproceedings{Heafield-kenlm,
  author = {Kenneth Heafield},
  title = {{KenLM:} Faster and Smaller Language Model Queries},
  year = {2011},
  month = {July},
  booktitle = {Proceedings of the {EMNLP} 2011 Sixth Workshop on Statistical Machine Translation},
  address = {Edinburgh, Scotland, United Kingdom},
  pages = {187--197},
  url = {https://kheafield.com/papers/avenue/kenlm.pdf},
}

@inproceedings{Heafield-estimate,
  author = {Kenneth Heafield and Ivan Pouzyrevsky and Jonathan H. Clark and Philipp Koehn},
  title = {Scalable Modified {Kneser-Ney} Language Model Estimation},
  year = {2013},
  month = {August},
  booktitle = {Proceedings of the 51st Annual Meeting of the Association for Computational Linguistics},
  address = {Sofia, Bulgaria},
  pages = {690--696},
  url = {https://kheafield.com/papers/edinburgh/estimate\_paper.pdf},
}

@book{baeza1999modern,
  title={Modern information retrieval},
  author={Baeza-Yates, Ricardo and Ribeiro-Neto, Berthier and others},
  volume={463},
  year={1999},
  publisher={ACM press New York}
}

@book{gormley2015elasticsearch,
  title={Elasticsearch: The Definitive Guide: A Distributed Real-Time Search and Analytics Engine},
  author={Gormley, Clinton and Tong, Zachary},
  year={2015},
  publisher={" O'Reilly Media, Inc."}
}

@article{metzler2007linear,
  title={Linear feature-based models for information retrieval},
  author={Metzler, Donald and Croft, W Bruce},
  journal={Information Retrieval},
  volume={10},
  number={3},
  pages={257--274},
  year={2007},
  publisher={Springer}
}

@article{robertson1996okapi,
  title={Okapi at TREC-4},
  author={Robertson, Stephen E and Walker, Steve and Beaulieu, MM and Gatford, Mike and Payne, Alison},
  journal={Nist Special Publication Sp},
  pages={73--96},
  year={1996},
  publisher={NATIONAL INSTIUTE OF STANDARDS \& TECHNOLOGY}
}

@article{wu2010adapting,
  title={Adapting boosting for information retrieval measures},
  author={Wu, Qiang and Burges, Christopher JC and Svore, Krysta M and Gao, Jianfeng},
  journal={Information Retrieval},
  volume={13},
  number={3},
  pages={254--270},
  year={2010},
  publisher={Springer}
}

@inproceedings{carmel2017promoting,
  title={Promoting relevant results in time-ranked mail search},
  author={Carmel, David and Lewin-Eytan, Liane and Libov, Alex and Maarek, Yoelle and Raviv, Ariel},
  booktitle={Proceedings of the 26th International Conference on World Wide Web},
  pages={1551--1559},
  year={2017},
  organization={International World Wide Web Conferences Steering Committee}
}

@inproceedings{efron2012query,
  title={Query-specific recency ranking: Survival analysis for improved microblog retrieval},
  author={Efron, Miles},
  booktitle={Proceedings of the 1st Workshop on Time-aware Information Access (\# TAIA2012), TAIA},
  volume={12},
  year={2012},
  organization={Citeseer}
}

@article{dakka2012answering,
  title={Answering general time-sensitive queries},
  author={Dakka, Wisam and Gravano, Luis and Ipeirotis, Panagiotis},
  journal={IEEE Transactions on Knowledge and Data Engineering},
  volume={24},
  number={2},
  pages={220--235},
  year={2012},
  publisher={IEEE}
}

@inproceedings{van2016balancing,
  title={Balancing relevance criteria through multi-objective optimization},
  author={van Doorn, Joost and Odijk, Daan and Roijers, Diederik M and de Rijke, Maarten},
  booktitle={Proceedings of the 39th International ACM SIGIR conference on Research and Development in Information Retrieval},
  pages={769--772},
  year={2016},
  organization={ACM}
}

@inproceedings{dong2010towards,
  title={Towards recency ranking in web search},
  author={Dong, Anlei and Chang, Yi and Zheng, Zhaohui and Mishne, Gilad and Bai, Jing and Zhang, Ruiqiang and Buchner, Karolina and Liao, Ciya and Diaz, Fernando},
  booktitle={Proceedings of the third ACM international conference on Web search and data mining},
  pages={11--20},
  year={2010},
  organization={ACM}
}

@inproceedings{dong2010time,
  title={Time is of the essence: improving recency ranking using twitter data},
  author={Dong, Anlei and Zhang, Ruiqiang and Kolari, Pranam and Bai, Jing and Diaz, Fernando and Chang, Yi and Zheng, Zhaohui and Zha, Hongyuan},
  booktitle={Proceedings of the 19th international conference on World wide web},
  pages={331--340},
  year={2010},
  organization={ACM}
}

@inproceedings{dai2011learning,
  title={Learning to rank for freshness and relevance},
  author={Dai, Na and Shokouhi, Milad and Davison, Brian D},
  booktitle={Proceedings of the 34th international ACM SIGIR conference on Research and development in Information Retrieval},
  pages={95--104},
  year={2011},
  organization={ACM}
}

@inproceedings{cheng2013fresh,
  title={How fresh do you want your search results?},
  author={Cheng, Shiwen and Arvanitis, Anastasios and Hristidis, Vagelis},
  booktitle={Proceedings of the 22nd ACM international conference on Conference on information \& knowledge management},
  pages={1271--1280},
  year={2013},
  organization={ACM}
}

@inproceedings{efron2011estimation,
  title={Estimation methods for ranking recent information},
  author={Efron, Miles and Golovchinsky, Gene},
  booktitle={Proceedings of the 34th international ACM SIGIR conference on Research and development in Information Retrieval},
  pages={495--504},
  year={2011},
  organization={ACM}
}

@article{campos2016gte,
  title={GTE-Rank: A time-aware search engine to answer time-sensitive queries},
  author={Campos, Ricardo and Dias, Ga{\"e}l and Jorge, Al{\'\i}pio and Nunes, C{\'e}lia},
  journal={Information Processing \& Management},
  volume={52},
  number={2},
  pages={273--298},
  year={2016},
  publisher={Elsevier}
}

@inproceedings{wang2012joint,
  title={Joint relevance and freshness learning from clickthroughs for news search},
  author={Wang, Hongning and Dong, Anlei and Li, Lihong and Chang, Yi and Gabrilovich, Evgeniy},
  booktitle={Proceedings of the 21st international conference on World Wide Web},
  pages={579--588},
  year={2012},
  organization={ACM}
}

@inproceedings{metzler2009improving,
  title={Improving search relevance for implicitly temporal queries},
  author={Metzler, Donald and Jones, Rosie and Peng, Fuchun and Zhang, Ruiqiang},
  booktitle={Proceedings of the 32nd international ACM SIGIR conference on Research and development in information retrieval},
  pages={700--701},
  year={2009},
  organization={ACM}
}

@inproceedings{lefortier2014online,
  title={Online exploration for detecting shifts in fresh intent},
  author={Lefortier, Damien and Serdyukov, Pavel and De Rijke, Maarten},
  booktitle={Proceedings of the 23rd ACM International Conference on Conference on Information and Knowledge Management},
  pages={589--598},
  year={2014},
  organization={ACM}
}

@inproceedings{spitz2018predicting,
  title={Predicting Document Creation Times in News Citation Networks},
  author={Spitz, Andreas and Str{\"o}tgen, Jannik and Gertz, Michael},
  booktitle={Companion of the The Web Conference 2018 on The Web Conference 2018},
  pages={1731--1736},
  year={2018},
  organization={International World Wide Web Conferences Steering Committee}
}

@inproceedings{berberich2010language,
  title={A language modeling approach for temporal information needs},
  author={Berberich, Klaus and Bedathur, Srikanta and Alonso, Omar and Weikum, Gerhard},
  booktitle={European Conference on Information Retrieval},
  pages={13--25},
  year={2010},
  organization={Springer}
}

@inproceedings{cambazoglu2010early,
  title={Early exit optimizations for additive machine learned ranking systems},
  author={Cambazoglu, B Barla and Zaragoza, Hugo and Chapelle, Olivier and Chen, Jiang and Liao, Ciya and Zheng, Zhaohui and Degenhardt, Jon},
  booktitle={Proceedings of the third ACM international conference on Web search and data mining},
  pages={411--420},
  year={2010},
  organization={ACM}
}

@article{jarvelin2002cumulated,
  title={Cumulated gain-based evaluation of IR techniques},
  author={J{\"a}rvelin, Kalervo and Kek{\"a}l{\"a}inen, Jaana},
  journal={ACM Transactions on Information Systems (TOIS)},
  volume={20},
  number={4},
  pages={422--446},
  year={2002},
  publisher={ACM}
}

@techreport{page1999pagerank,
  title={The PageRank citation ranking: Bringing order to the web.},
  author={Page, Lawrence and Brin, Sergey and Motwani, Rajeev and Winograd, Terry},
  year={1999},
  institution={Stanford InfoLab}
}

@inproceedings{broder1997resemblance,
  title={On the resemblance and containment of documents},
  author={Broder, Andrei Z},
  booktitle={Compression and complexity of sequences 1997. proceedings},
  pages={21--29},
  year={1997},
  organization={IEEE}
}